<record><leader>00000cas a22000007a 4500</leader><controlfield tag="001">17737767</controlfield><controlfield tag="008">880405d18251826ohuwr ne      0    0eng d</controlfield><datafield ind1=" " ind2=" " tag="010"><subfield code="a">sn 88077317 </subfield></datafield><datafield ind1=" " ind2=" " tag="040"><subfield code="a">ONP</subfield><subfield code="b">eng</subfield><subfield code="c">ONP</subfield><subfield code="d">MFN</subfield><subfield code="d">ONP</subfield><subfield code="d">OCLCQ</subfield></datafield><datafield ind1=" " ind2=" " tag="042"><subfield code="a">msc</subfield></datafield><datafield ind1="0" ind2="0" tag="245"><subfield code="a">Hamilton advertiser.</subfield></datafield><datafield ind1=" " ind2=" " tag="260"><subfield code="a">Hamilton, Butler County, Ohio :</subfield><subfield code="b">James B. Camron</subfield></datafield><datafield ind1=" " ind2=" " tag="300"><subfield code="a">v.</subfield></datafield><datafield ind1=" " ind2=" " tag="310"><subfield code="a">Weekly</subfield></datafield><datafield ind1="0" ind2=" " tag="362"><subfield code="a">Vol. 4, no. 165 (Jan. 10, 1825)-v. 4, no. 208 (Nov. 8, 1825) ; New ser., v. 5, no. 1 (Nov. 15, 1825)-new ser., v. 5, no. 52 (Nov. 10, 1826) = Whole no. 209-260.</subfield></datafield><datafield ind1=" " ind2=" " tag="752"><subfield code="a">United States</subfield><subfield code="b">Ohio</subfield><subfield code="c">Butler</subfield><subfield code="d">Hamilton.</subfield></datafield><datafield ind1="0" ind2="0" tag="780"><subfield code="t">Hamilton intelligencer &amp; advertiser</subfield><subfield code="w">(DLC)sn 83035341</subfield></datafield><datafield ind1="0" ind2="0" tag="785"><subfield code="t">Hamilton Ohio advertiser</subfield><subfield code="w">(DLC)sn 85026077</subfield></datafield></record>